@manual{ieee:2007:80211,
  author = "{IEEE}",
  title  = "IEEE {Std 802.11{\texttrademark}-2007}: Wireless LAN Medium Access
	Control (MAC) and Physical Layer (PHY) Specifications",
  year  = 2007,
}

@manual{ieee:2008:80211r,
  author = {IEEE},
  title  = "IEEE {Std 802.11r{\texttrademark}-2008}: Wireless LAN Medium Access
	Control (MAC) and Physical Layer (PHY) Specifications - Amendment 2:
	Fast Basic Service Set (BSS)",
  year   = 2008,
  month  = {July}
}

@manual{ieee:2008:80221,
  author = {IEEE},
  title  = "IEEE {Std 802.21{\texttrademark}-2008}: Local and metropolitan
	area networks -- Media Independent Handover Services",
  year   = 2008,
  month  = {January}
 }

@manual{ieee:2009:80216,
  author = {IEEE},
  title  = "IEEE {Std 802.16{\texttrademark}-2009}: Local and metropolitan
	area networks -- Air Interface for Broadband Wireless Access
	Systems",
  year   = 2009,
  month  = {January}
 }

@techreport{wimaxforum:2006,
  title = "Mobile {WiMAX} -- Part I: A Technical Overview and Performance
	Evaluation",
  institution = "{WiMAX} Forum",
  author = "{WiMAX Forum}",
  year   = 2006,
  howpublished = {\url{http://www.wimaxforum.org/technology/downloads/Mobile_WiMAX_Part1_Overview_and_Performance.pdf}}
}

@techreport{stein:2006,
	title = "Survey of {IEEE 802.21} Media Independent Handover Services",
	author = "Jared Stein",
	howpublished = {\url{http://userfs.cec.wustl.edu/~jws2/mihs/index.html}},
	year = 2006
}

@inproceedings{gupta:2006:80221tut,
	title = "{IEEE P802.21 Tutorial}",
	author = "Vivek Gupta and Michael G. Williams and DJ Johnston and Sephen McCann and Phil Barber and Yoshihiro Ohba",
	publisher = "{IEEE}",
	booktitle = "{IEEE} 802.21 session \#15",
	address = {San Diego, CA},
	month = {July},
	year  = 2006,
	howpublished = {\url{http://www.ieee802.org/21/Tutorials/802%2021-IEEE-Tutorial.ppt}}
}

@article{idigital:2009,
	title = "Whitepaper: Media Independent Handover",
	year  = 2009,
	author = "{InterDigital}",
	address = "{King of Prussia, PA}",
	howpublished = "http://www.interdigital.com/images/id_pubs/InterDigitalMIHWhitePaper_Apr09.pdf"
}

@article{piri:2009,
	author = "Esa Piri and Kostas Pentikousis",
	title  = "Towards a {GNU/Linux} {IEEE} 802.21 Implementation",
	year   = 2009
}

@article{kimhun:2010,
	author = "Pyung-Soo Kim and Jeong Hun Choi",
	title  = "A Fast Handover Scheme for Proxy Mobile IPv6 using IEEE 802.21 Media Independent Handover",
	year   = 2010
}


