@manual{ieee:2007:80211,
  author = "{IEEE}",
  title  = "IEEE {Std 802.11{\texttrademark}-2007}: Wireless LAN Medium Access
	Control (MAC) and Physical Layer (PHY) Specifications",
  year  = 2007,
}

@manual{ieee:2008:80211r,
  author = {IEEE},
  title  = {IEEE {Std 802.11r{\texttrademark}-2008}: Wireless LAN Medium Access
	Control (MAC) and Physical Layer (PHY) Specifications - Amendment 2:
	Fast Basic Service Set (BSS)},
  year   = 2008,
  month  = {July}
}

@manual{ieee:2008:80221,
  author = {IEEE},
  title  = "IEEE {Std 802.21{\texttrademark}-2008}: Local and metropolitan
	area networks -- Media Independent Handover Services",
  year   = 2008,
  month  = {January}
 }

@manual{ieee:2009:80216,
  author = {IEEE},
  title  = {IEEE {Std 802.16{\texttrademark}-2009}: Local and metropolitan
	area networks -- Air Interface for Broadband Wireless Access},
  year  = {2009},
  publisher = {IEEE}
}

@inproceedings{wimax:2006,
  title={Mobile WiMAX--Part I: A Technical Overview and Performance Evaluation},
  author={ForumTM, W.},
  journal={White Paper, June},
  year={2006}
}

@techreport{stein:2006,
	title = "Survey of {IEEE 802.21} Media Independent Handover Services",
	author = "Jared Stein",
	howpublished = {\url{http://userfs.cec.wustl.edu/~jws2/mihs/index.html}},
	year = 2006
}

@misc{gupta2006ieee,
  title={IEEE P802. 21 Tutorial},
  author={Gupta, V. and others},
  year={2006},
  publisher={July}
}

@article{idigital:2009,
	title = "Whitepaper: Media Independent Handover",
	year  = 2009,
	author = "{InterDigital}",
	address = "{King of Prussia, PA}",
	howpublished = "http://www.interdigital.com/images/id_pubs/InterDigitalMIHWhitePaper_Apr09.pdf"
}

@inproceedings{piri:2009,
  title={Towards a {GNU/Linux IEEE} 802.21 implementation},
  author={Piri, E. and Pentikousis, K.},
  booktitle={Communications, 2009. ICC'09. IEEE International Conference on},
  pages={1--5},
  year={2009},
  organization={IEEE}
}

@article{kimhun:2010,
	author = {Pyung-Soo Kim and Jeong Hun Choi},
	title  = {A Fast Handover Scheme for Proxy Mobile {IPv6} using {IEEE} 802.21 Media Independent Handover},
	year   = 2010
}

@article{taniuchi:2009,
  title={{IEEE} 802.21: Media independent handover: Features, applicability, and realization},
  author={Taniuchi, K. and Ohba, Y. and Fajardo, V. and Das, S. and Tauil, M. and Cheng, Y.H. and Dutta, A. and Baker, D. and Yajnik, M. and Famolari, D.},
  journal={Communications Magazine, IEEE},
  volume={47},
  number={1},
  pages={112--120},
  year={2009},
  publisher={IEEE}
}

@article{inoyatov,
  title={{IEEE 802.21 MIH} in Linux Kernel Space for Cognitive and Smart Handovers},
  author={Inoyatov, K. and Tursunova, S. and Kim, I. and Kim, Y.T.}
}

@inproceedings{tawil:2008,
  title={Distributed handoff decision scheme using {MIH} function for the fourth generation wireless networks},
  author={Tawil, R. and Pujolle, G. and Demerjian, J.},
  booktitle={Information and Communication Technologies: From Theory to Applications, 2008. ICTTA 2008. 3rd International Conference on},
  pages={1--6},
  year={2008},
  organization={IEEE}
}

@inproceedings{machan:2008,
  title={Performance of mobility support mechanisms in a heterogeneous {UMTS} and {IEEE} 802.11 network offered under the {IEEE} 802.21 standard},
  author={Machan, P. and Serwin, S. and Wozniak, J.},
  booktitle={Information Technology, 2008. IT 2008. 1st International Conference on},
  pages={1--4},
  year={2008},
  organization={IEEE}
}

